@article{chen_2008,
  author  = {Xiang Chen and Meranda Salem and Tuhin Das and Xiaoqun Chen},
  doi     = {10.1177/0037549708097420},
  eprint  = {https://doi.org/10.1177/0037549708097420},
  journal = {SIMULATION},
  number  = {8-9},
  pages   = {457-471},
  title   = {Real Time Software-in-the-Loop Simulation for Control Performance Validation},
  volume  = {84},
  year    = {2008},
}

@phdthesis{csaji_2001,
  author = {Csáji, Balázs},
  month  = {06},
  school = {Eötvös Loránd University},
  title  = {Approximation with Artificial Neural Networks},
  year   = {2001},
}

@article{elman_1990,
  author  = {Jeffrey L. Elman},
  doi     = {https://doi.org/10.1016/0364-0213(90)90002-E},
  issn    = {0364-0213},
  journal = {Cognitive Science},
  number  = {2},
  pages   = {179-211},
  title   = {Finding structure in time},
  url     = {https://www.sciencedirect.com/science/article/pii/036402139090002E},
  volume  = {14},
  year    = {1990},
}

@article{garcia_1989,
  author  = {Carlos E. García and David M. Prett and Manfred Morari},
  doi     = {https://doi.org/10.1016/0005-1098(89)90002-2},
  issn    = {0005-1098},
  journal = {Automatica},
  number  = {3},
  pages   = {335-348},
  title   = {Model predictive control: Theory and practice—A survey},
  url     = {https://www.sciencedirect.com/science/article/pii/0005109889900022},
  volume  = {25},
  year    = {1989},
}

@book{hughes_2016,
  author    = {Hughes, J M},
  isbn      = {9781491934500},
  month     = May,
  publisher = {“O'Reilly Media, Inc.”},
  title     = {Arduino: A Technical Reference},
  year      = {2016},
}

@article{karniadakis_2021,
  author  = {Karniadakis, George Em and Kevrekidis, Ioannis G. and Lu, Lu and Perdikaris, Paris and Wang, Sifan and Yang, Liu},
  doi     = {10.1038/s42254-021-00314-5},
  journal = {Nature Reviews Physics},
  month   = Jun,
  number  = {6},
  title   = {Physics-informed machine learning},
  url     = {https://www.nature.com/articles/s42254-021-00314-5},
  volume  = {3},
  year    = {2021},
}

@misc{kingma_2017,
  archiveprefix = {arXiv},
  author        = {Diederik P. Kingma and Jimmy Ba},
  eprint        = {1412.6980},
  primaryclass  = {cs.LG},
  title         = {Adam: A Method for Stochastic Optimization},
  url           = {https://arxiv.org/abs/1412.6980},
  year          = {2017},
}

@book{margolis_2020,
  author    = {Margolis, Michael and Jepson, Brian and Nicholas Robert Weldin},
  isbn      = {9781491903483},
  month     = Apr,
  publisher = {“O'Reilly Media, Inc.”},
  title     = {Arduino Cookbook},
  year      = {2020},
}

@article{mu_sun_2022,
  author  = {Mu, Yue and Sun, Li},
  doi     = {10.9734/ajrcos/2022/v13i230308},
  journal = {Asian Journal of Research in Computer Science},
  month   = Jan,
  title   = {Catalyst Optimization Design Based on Artificial Neural Network},
  year    = {2022},
}

@misc{onnxruntime,
  author       = {{ONNX Runtime developers}},
  howpublished = {\url{https://onnxruntime.ai/}},
  note         = {Version: 1.20.0},
  title        = {ONNX Runtime},
  year         = {2021},
}

@inproceedings{pytorch_2024,
  address   = {New York, NY, USA},
  author    = {Ansel, Jason and Yang, Edward and He, Horace and Gimelshein, Natalia and Jain, Animesh and Voznesensky, Michael and Bao, Bin and Bell, Peter and Berard, David and Burovski, Evgeni and Chauhan, Geeta and Chourdia, Anjali and Constable, Will and Desmaison, Alban and DeVito, Zachary and Ellison, Elias and Feng, Will and Gong, Jiong and Gschwind, Michael and Hirsh, Brian and Huang, Sherlock and Kalambarkar, Kshiteej and Kirsch, Laurent and Lazos, Michael and Lezcano, Mario and Liang, Yanbo and Liang, Jason and Lu, Yinghai and Luk, C. K. and Maher, Bert and Pan, Yunjie and Puhrsch, Christian and Reso, Matthias and Saroufim, Mark and Siraichi, Marcos Yukio and Suk, Helen and Zhang, Shunting and Suo, Michael and Tillet, Phil and Zhao, Xu and Wang, Eikan and Zhou, Keren and Zou, Richard and Wang, Xiaodong and Mathews, Ajit and Wen, William and Chanan, Gregory and Wu, Peng and Chintala, Soumith},
  booktitle = {Proceedings of the 29th ACM International Conference on Architectural Support for Programming Languages and Operating Systems, Volume 2},
  doi       = {10.1145/3620665.3640366},
  isbn      = {9798400703850},
  location  = {La Jolla, CA, USA},
  numpages  = {19},
  pages     = {929–947},
  publisher = {Association for Computing Machinery},
  series    = {ASPLOS '24},
  title     = {PyTorch 2: Faster Machine Learning Through Dynamic Python Bytecode Transformation and Graph Compilation},
  url       = {https://doi.org/10.1145/3620665.3640366},
  year      = {2024},
}

@article{raissi_2017_I,
  author  = {Raissi, Maziar and Perdikaris, Paris and Karniadakis, George Em},
  doi     = {10.48550/arXiv.1711.10561},
  journal = {arXiv preprint arXiv:1711.10561},
  title   = {Physics Informed Deep Learning (Part I): Data-driven Solutions of Nonlinear Partial Differential Equations},
  year    = {2017},
}

@article{raissi_2017_II,
  author  = {Raissi, Maziar and Perdikaris, Paris and Karniadakis, George Em},
  doi     = {10.48550/arXiv.1711.10566},
  journal = {arXiv preprint arXiv:1711.10566},
  title   = {Physics Informed Deep Learning (Part II): Data-driven Discovery of Nonlinear Partial Differential Equations},
  year    = {2017},
}

@article{raissi_2019,
  author    = {Raissi, Maziar and Perdikaris, Paris and Karniadakis, George E},
  doi       = {10.1016/j.jcp.2018.10.045},
  journal   = {Journal of Computational Physics},
  pages     = {686--707},
  publisher = {Elsevier},
  title     = {Physics-informed neural networks: A deep learning framework for solving forward and inverse problems involving nonlinear partial differential equations},
  volume    = {378},
  year      = {2019},
}

@article{wang_2022,
  author  = {Wang, Haonan and Chen, Yijia},
  doi     = {10.9734/ajrcos/2022/v14i130325},
  journal = {Asian Journal of Research in Computer Science},
  month   = Jun,
  number  = {1},
  pages   = {22–37},
  title   = {Application of Artificial Neural Networks in Chemical Process Control},
  url     = {https://journalajrcos.com/index.php/AJRCOS/article/view/273},
  volume  = {14},
  year    = {2022},
}

@unpublished{wildson_2024,
  author = {Wildson},
  note   = {Trabalho não publicado},
  title  = {TCC - Trabalho de Conclusão de Curso},
  year   = {2024},
}

@article{zheng_2023,
  author  = {Yingzhe Zheng and Cheng Hu and Xiaonan Wang and Zhe Wu},
  doi     = {https://doi.org/10.1016/j.jprocont.2023.103005},
  issn    = {0959-1524},
  journal = {Journal of Process Control},
  pages   = {103005},
  title   = {Physics-informed recurrent neural network modeling for predictive control of nonlinear processes},
  url     = {https://www.sciencedirect.com/science/article/pii/S0959152423000847},
  volume  = {128},
  year    = {2023},
}
